% Encoding: UTF-8

@article{importancia-jogos-digitais,
  title={A importância dos jogos digitais na educação},
  author={Carvalho, Gabriel Rios},
  year={2018},
  publisher={Trabalho de Conclusão de Curso (Graduação em Tecnologiade Sistemas de Computação)-Universidade Federal Fluminense}
}

@article{uso-jogos-educacionais,
  title={Uso de jogos educacionais no processo de ensino e de aprendizagem},
  author={Fernantes, Naraline Alvarenga},
  year={2010},
  url={https://lume.ufrgs.br/handle/10183/141470},
  publisher={UFRGS}
}

@article{uso-jogos-aprendizagem, title={O USO DOS JOGOS PARA A APRENDIZAGEM NO ENSINO SUPERIOR}, volume={18}, url={https://cadernopaic.fae.edu/cadernopaic/article/view/264}, abstractNote={&amp;lt;p&amp;gt;Com o avanço tecnológico e as novas formas de utilização de games para atividades laborais e educacionais, aumentou-se o interesse pela pesquisa dos aspectos positivos dos jogos eletrônicos e seus benefícios. O objetivo deste estudo foi investigar como a utilização de metodologias ativas/jogos está sendo utilizados por jovens universitários e seus professores para o processo de construção de conhecimento na disciplina de Metodologia da Pesquisa Científica em um Centro Universitário em Curitiba-PR. A questão que se colocou para esta investigação foi: Qual a percepção de acadêmicos dos cursos de Administração, Psicologia e Pedagogia a respeito da utilização de metodologias ativas/jogos para o desenvolvimento de habilidades cognitivas? Trata-se de uma pesquisa empírica descritiva de natureza quali-quantitativa, permeada de uma investigação de pesquisa bibliográfica de campo. Para a coleta de dados, foi disponibilizado um questionário on-line na plataforma digital da instituição para as docentes da disciplina e um questionário para os alunos das respectivas turmas. A análise de dados foi realizada de forma quali-quantitativa. Os resultados encontrados neste estudo ratificam as conclusões de outras pesquisas no sentido de que professores e alunos aprovam a utilização do jogo como estratégia metodológica de ensino. Foi possível perceber que as docentes participantes do estudo acreditam no jogo como uma possibilidade de melhora nos resultados para o ensino da disciplina investigada, corroborando com a opinião dos alunos que por sua vez também sinalizaram gostar do ensino por meio de uma forma lúdica que beneficia o aprendizado e a aplicação do conhecimento de forma prática.&amp;lt;/p&amp;gt;}, number={1}, journal={Caderno PAIC}, author={Lozza, Rodrigo and Rinaldi, Giullia Paula}, year={2017}, month={dez.}, pages={575–592} }

@article{jogos-educacao-fisica,
  title={A utiliza{\c{c}}{\~a}o de jogos eletr{\^o}nicos nas aulas de educa{\c{c}}{\~a}o f{\'\i}sica do ensino fundamental em escolas p{\'u}blicas do munic{\'\i}pio de Imbituba--SC},
  author={Marcelino, Rafael Ruiz},
  journal={Educa{\c{c}}{\~a}o Fisica Licenciatura-Tubar{\~a}o},
  year={2020},
  url={https://repositorio.animaeducacao.com.br/handle/ANIMA/17032}
}

@article{santos2012,
  title={Jogos eletrônicos e educação ambiental},
  author={Santos, Adriana Melo},
  journal={CONGRESSO NORTE NORDESTE DE PESQUISA E INOVAÇÃO - CONNEP},
  year={2012}
}

@article{souza2016,
  title={Educação ambiental como ferramenta para o manejo de resíduos sólidos no cotidiano escolar},
  author={Souza, G. S. and others},
  journal={Revista Eletrônica do Mestrado em Educação Ambiental},
  volume={36},
  year={2016}
}

@article{goletando2018,
  title={Goletando: um jogo educacional para o ensino da coleta seletiva de lixo},
  author={Cunha, I Da S and Cordeiro, Jos{\'e} JR and de Azevedo, Carlos AS and Neto, Raimundo P da C and da SM Filho, Jos{\'e} M and de Ara{\'u}jo, Arlino HM},
  journal={SIMP{\'O}SIO BRASILEIRO DE JOGOS E ENTRETENIMENTO DIGITAL-SBGAMES},
  volume={14},
  pages={962--969},
  year={2015}
}

@article{silva2013uso,
  title={O uso de jogos eletr{\^o}nicos no processo ensino-aprendizagem de surdos},
  author={Silva, Ivani Rodrigues and Nogueira, Aryane Santos and Hildebrand, Hermes Renato and Kumada, Kate M Oliveira},
  journal={Educa{\c{c}}{\~a}o digital: a tecnologia a favor da inclus{\~a}o},
  pages={213--238},
  year={2013},
  publisher={Penso Porto Alegre}
}

@article{Raio_2016, title={Gestão de resíduos e utilização de jogo eletrônico para a Educação Ambiental}, volume={11}, url={https://periodicos.unifesp.br/index.php/revbea/article/view/1991}, DOI={10.34024/revbea.2016.v11.1991}, abstractNote={A gestão dos resíduos da ETEC Augusto Tortolero Araújo foi realizada pelos alunos do 1o ano do Ensino Médio. Um questionário diagnosticou o conhecimento e as ações dos alunos quanto à separação dos resíduos. As lixeiras da escola foram identificadas como “reciclável”, “orgânico” e “rejeito” e outras foram instaladas em locais estratégicos. O material reciclável coletado foi destinado à cooperativa local. Também, foi disponibilizada uma urna para coleta de resíduo perigoso. Por fim, os alunos desenvolveram um jogo virtual, uma ferramenta de conscientização ambiental propagado à comunidade escolar de todo o município. A gestão foi apoiada pelos alunos e servidores e a prática “Utilização de Games para práticas de educação ambiental” foi uma das vencedoras do prêmio “Respostas para o Amanhã”, da Samsung.}, number={2}, journal={Revista Brasileira de Educação Ambiental (RevBEA)}, author={Raio, Cibele Bender}, year={2016}, month={jun.}, pages={192–202} }

@article{joseamericonetoGameOds,
  title={A indústria de jogos digitais e os objetivos de desenvolvimento sustentável da agenda 2030 da ONU – o caso Pokémon Go},
  author={Neto, Jos{\'e} Américo and Affini, Let{\'i}cia Passos and Am{\'e}rico, Marcos},
  journal={OPEN SCIENCE RESEARCH IV},
  pages={1344-1355},
  volume={4},
  year={2022}
}

@article{craftingGames,
  title={Crafting in Games},
  author={Grow, April and Dickinson, Melanie and Pagnutti, Johnathan and Wardrip-Fruin, Noah and Mateas, Michael },
  journal={DHQ: Digital Humanities Quarterly},
  volume={11},
  number={4},
  year={2017}
}

@article{PRAHALAD20045,
    title = {Co-creation experiences: The next practice in value creation},
    journal = {Journal of Interactive Marketing},
    volume = {18},
    number = {3},
    pages = {5-14},
    year = {2004},
    issn = {1094-9968},
    doi = {https://doi.org/10.1002/dir.20015},
    url = {https://www.sciencedirect.com/science/article/pii/S1094996804701073},
    author = {C.K. Prahalad and Venkat Ramaswamy},
    abstract = {Consumers today have more choices of products and services than ever before, but they seem dissatisfied. Firms invest in greater product variety but are less able to differentiate themselves. Growth and value creation have become the dominant themes for managers. In this paper, we explain this paradox. The meaning of value and the process of value creation are rapidly shifting from a product- and firm-centric view to personalized consumer experiences. Informed, networked, empowered, and active consumers are increasingly co-creating value with the firm. The interaction between the firm and the consumer is becoming the locus of value creation and value extraction. As value shifts to experiences, the market is becoming a forum for conversation and interactions between consumers, consumer communities, and firms. It is this dialogue, access, transparency, and understanding of risk-benefits that is central to the next practice in value creation.}
}

@article{savi2008jogos,
  title={Jogos digitais educacionais: benef{\'\i}cios e desafios},
  author={Savi, Rafael and Ulbricht, Vania Ribas},
  journal={Renote},
  volume={6},
  number={1},
  year={2008}
}

@article{rock2018multidisciplinary,
  title={Multidisciplinary perspectives on co-creation},
  author={Rock, Jenny and McGuire, Mark and Rogers, Alexandra},
  journal={Science Communication},
  volume={40},
  number={4},
  pages={541--552},
  year={2018},
  publisher={SAGE Publications Sage CA: Los Angeles, CA}
}

@article{lowthorpe2013stop,
  title={Stop just making stuff! Listening, co-creation and sustainability in independent game development},
  author={Lowthorpe, Chris and Taylor, Sean and White, Gregor},
  journal={Journal of Audience \& Reception Studies},
  volume={10},
  number={2},
  pages={275--297},
  year={2013}
}

@inproceedings{IHC_Estendido,
 author = {Franco Eusébio Garcia and Roberta Brandão and Gabriel Cheban and Vania Almeida Neris},
 title = {Co-Criação Inclusiva de Jogos Digitais Baseados em Storytelling Apoiada por um Framework em um Centro de Atenção Psicossocial Álcool e Drogas},
 booktitle = {Anais Estendidos do XVIII Simpósio Brasileiro sobre Fatores Humanos em Sistemas Computacionais},
 location = {Vitória},
 year = {2019},
 keywords = {},
 issn = {0000-0000},
 pages = {180--181},
 publisher = {SBC},
 address = {Porto Alegre, RS, Brasil},
 doi = {10.5753/ihc.2019.8429},
 url = {https://sol.sbc.org.br/index.php/ihc_estendido/article/view/8429}
}


@article{Vasconcellos_Carvalho_Barreto_Atella_2017, place={Porto Alegre}, title={As Várias Faces dos Jogos Digitais na Educação}, volume={20}, url={https://www.seer.ufrgs.br/index.php/InfEducTeoriaPratica/article/view/77269}, DOI={10.22456/1982-1654.77269}, abstractNote={Jogos digitais estão cada vez mais presentes no mundo, atingindo diferentes faixas etárias e camadas socioeconômicas, impactando a indústria de entretenimento e criando novas formas de diversão, aprendizado e até trabalho. Em face disto, muitos pesquisadores vêm refletindo sobre como empregá-los na educação. Contudo, para isto não basta que funcionem apenas como canais de transmissão de conteúdo, mas que as potencialidades únicas da mídia sejam aplicadas em favor do aprendizado. Neste trabalho, discutimos algumas perspectivas dos jogos no aprendizado, a saber os jogos educativos, jogos sérios, jogos epistêmicos e os jogos persuasivos e sua retórica procedimental. Apresentamos em seguida as características dos jogos que os tornam objetos de aprendizado relevantes, explorados em um contexto de educação. Concluímos que a capacitação para compreender e criar jogos pode ser uma habilidade empoderadora para crescimento do indivíduo e seu desenvolvimento como cidadão, abrindo novos espaços férteis para reflexão sobre a realidade.}, number={4 dez}, journal={Informática na educação: teoria e prática}, author={Vasconcellos, Marcelo Simão de and Carvalho, Flávia Garcia de and Barreto, Jéssica Oliveira and Atella, Georgia Correa}, year={2017}, month={dez.} }

 @misc{skelton_2021, title={Electronic waste excluded from COP26 agenda}, url={https://www.computerweekly.com/news/252508945/Electronic-waste-excluded-from-COP26-agenda}, journal={ComputerWeekly.com}, publisher={ComputerWeekly.com}, author={Skelton, Sebastian Klovig}, year={2021}, month={Nov}} 

@article{eWasteContamination,
  title={O lixo eletrônico no contexto da Educação Ambiental, seu histórico e suas consequências},
  author={Fraguas, Talita and Affini, Gonzales, Carlos Eduardo Fortes},
  journal={Revista Cocar, Universidade do Estado do Pará},
  volume={4},
  number={30},
  year={2020}
}

@article{gameUseOnSchool,
  title={O uso de jogos eletrônicos para o exercício das habilidades cognitivas: relato de uma experiência no Ensino Fundamental},
  author={RAMOS, D. K. and ROCHA, N. L. and LUZ, M. L. and SILVESTRIN, D. SCHMAEDECH, D.},
  journal={Universidade do Estado da Bahia - UNEB},
  pages={1-9},
  volume={10},
  year={2014}
}
@Misc{odsbrasil,
  author = {ONU},
  title  = {Os Objetivos de Desenvolvimento Sustentável no Brasil da ONU},
  month  = {novembro},
  year   = {2022},
  url    = {https://brasil.un.org/pt-br/sdgs},
}
@inproceedings{marques2011atraindo,
  title={Atraindo alunos do ensino m{\'e}dio para a computa{\c{c}}{\~a}o: Uma Experi{\^e}ncia Pr{\'a}tica de Introdu{\c{c}}{\~a}o {\`a} Programa{\c{c}}{\~a}o utilizando Jogos e Python},
  author={Marques, Diego Lopes and Costa, Lu{\'\i}s Feliphe Silva and de Azevedo Silva, Max Andr{\'e} and Rebou{\c{c}}as, Ayla D{\'e}bora Dantas S},
  booktitle={Anais do Workshop de Inform{\'a}tica na Escola},
  volume={1},
  number={1},
  pages={1138--1147},
  year={2011}
}
@inproceedings{guedes2004produccao,
  title={Produ{\c{c}}{\~a}o de software educativo atrav{\'e}s de um projeto interdisciplinar},
  author={Guedes, Jorge Roberto and Guedes, Caroline Lengert},
  booktitle={IV Congresso Brasileiro de Computa{\c{c}}{\~a}o (CBComp2004)},
  pages={223--228},
  year={2004}
}
@article{rapkiewicz2006estrategias,
  title={Estrat{\'e}gias pedag{\'o}gicas no ensino de algoritmos e programa{\c{c}}{\~a}o associadas ao uso de jogos educacionais},
  author={Rapkiewicz, Clevi Elena and Falkembach, Gilse and Seixas, Louise and dos Santos Rosa, N{\'u}bia and da Cunha, Vanildes Vieira and Klemann, Miriam},
  journal={RENOTE},
  volume={4},
  number={2},
  year={2006}
}

@Article{Gruebel2006,
  author  = {Gr{\"u}bel, Joceline Mausolff and Bez, Marta Rosecler},
  title   = {Jogos educativos},
  journal = {RENOTE},
  year    = {2006},
  volume  = {4},
  number  = {2},
}


@Article{silveira1998jogos,
  author  = {Silveira, Sidnei Renato and Barone, Dante Augusto Couto},
  title   = {Jogos Educativos computadorizados utilizando a abordagem de algoritmos gen{\'e}ticos},
  journal = {Universidade Federal do Rio Grande do Sul. Instituto de Inform{\'a}tica. Curso de P{\'o}s-Gradua{\c{c}}{\~a}o em Ci{\^e}ncias da Computa{\c{c}}{\~a}o},
  year    = {1998},
}

@Article{digiampietri2008desenvolvimento,
  author  = {Digiampietri, Luciano A and Kropiwiec, Diogo D},
  title   = {Desenvolvimento de Jogos para o Aperfeicoamento na Aprendizagem de Disciplinas de Ciˆencia da Computac ao},
  journal = {VII Simp{\'o}sio Brasileiro de Jogos para Computadores e Entretenimento Digital (SBGames)},
  year    = {2008},
  pages   = {49--52},
}
@Book{bell1998computer,
  title     = {Computer Science Unplugged: Off-line activities and games for all ages},
  publisher = {Citeseer},
  year      = {1998},
  author    = {Bell, Timothy C and Witten, Ian H and Fellows, Michael Ralph},
  note      = {Activity 19 - Pages 199 to 212},
  timestamp = {2016-12-04},
  url       = {http://citeseerx.ist.psu.edu/viewdoc/download?doi=10.1.1.114.7908&rep=rep1&type=pdf},
}

@InBook{bell1998computerIHC,
  chapter   = {VI},
  pages     = {199 to 212},
  title     = {Computer Science Unplugged: Off-line activities and games for all ages},
  publisher = {Citeseer},
  year      = {1998},
  author    = {Bell, Timothy C and Witten, Ian H and Fellows, Michael Ralph},
  note      = {Activity 19},
  url       = {http://csunplugged.org/wp-content/uploads/2014/12/unplugged-19-human_interface_design_0.pdf},
}
@article{pedrosa2016jogo,
  title={Jogo digital educativo envolvendo matem{\'a}tica pr{\'e}-escolar para crian{\c{c}}as usando interface natural do usu{\'a}rio},
  author={Pedrosa, Danielle Cordeiro and others},
  year={2016},
  publisher={Universidade Presbiteriana Mackenzie}
}

@Misc{unity,
  author = {Unity},
  title  = {Website Unity},
  month  = may,
  year   = {2017},
  url    = {https://unity3d.com/pt/unity},
}

@Misc{javascript,
  author = {Mozilla Developer Network},
  title  = {Website JavaScript por Mozzila Developer Network},
  month  = may,
  year   = {2017},
  url    = {https://developer.mozilla.org/pt-BR/docs/Web/JavaScript},
}
@Misc{csharp,
  author = {Microsoft},
  title  = {Website C\# por Microsoft},
  month  = may,
  year   = {2017},
  url    = {https://docs.microsoft.com/pt-br/dotnet/articles/csharp/csharp},
}
@book{guedes2014uml,
  title={UML 2--Guia Pr{\'a}tico-2{\textordfeminine} Edi{\c{c}}{\~a}o},
  author={Guedes, Gilleanes TA},
  year={2014},
  publisher={Novatec Editora}
}
@article{eplett2016oompa,
  title={For Oompa-Loompas, Orange Was the New Black},
  author={Eplett, Layla},
  journal={Gastronomica: The Journal of Critical Food Studies},
  volume={16},
  number={2},
  pages={12--17},
  year={2016},
  publisher={University of California Press Journals}
}

@article{de14jogos,
  title={Jogos S{\'e}rios em Intera{\c{c}}{\~a}o Humano-Computador: Uma revis{\~a}o Sistem{\'a}tica de Literatura},
  author={de Sales, Andr{\'e} Barros and de Souza Cl{\'\i}maco, Gabriel and de Sales, M{\'a}rcia Barros},
  journal={RENOTE},
  year={2016},
  volume={14},
  number={1}
}
@inproceedings{araujo2016processo,
  title={Processo de Desenvolvimento do jogo s{\'e}rio Miss{\~a}o Aedes: rela{\c{c}}{\~o}es entre objetivos pedag{\'o}gicos, ludicidade e implica{\c{c}}{\~o}es de design},
  author={Ara{\'u}jo, D{\'e}bora and Rodrigues, Ariane and Lacerda, Paulo and Dion{\'\i}sio, M{\'a}verick and Santos, Higor},
  booktitle={Brazilian Symposium on Computers in Education (Simp{\'o}sio Brasileiro de Inform{\'a}tica na Educa{\c{c}}{\~a}o-SBIE)},
  volume={27},
  number={1},
  pages={597},
  year={2016}
}
@article{dos2016virtualizaccao,
  title={Virtualiza{\c{c}}{\~a}o de Jogos Educativos: Uma Experi{\^e}ncia no Ensino de Matem{\'a}tica.},
  author={dos Santos, Wilk Oliveira and da Silva Junior, Clovis Gomes},
  journal={Revista Brasileira de Inform{\'a}tica na Educa{\c{c}}{\~a}o},
  volume={24},
  number={2},
  year={2016}
}
@article{thaler2015design,
  title={O Design de Intera{\c{c}}{\~a}o: Uma Abordagem para Jogos Educativos Centrados no Usu{\'a}rio},
  author={Thaler, Anelise and Fialho, Francisco Ant{\^o}nio Pereira},
  journal={Blucher Design Proceedings},
  volume={2},
  number={3},
  pages={223--230},
  year={2015}
}
@inproceedings{silvaapoiando,
  title={Apoiando o Ensino de Diagrama de Atividades atrav{\'e}s de um jogo educacional},
  author={Silva, Williamson and Steinmacher, Igor and Conte, Tayana},
  booktitle={Anais do XXV WEI - Workshop sobre Educa{\c{c}}{\~a}o em Computa{\c{c}}{\~a}o (CSBC)},
  year={2017}
}
@inproceedings{nettogame,
  title={Game Logic: Um jogo para auxiliar na aprendizagem de l{\'o}gica de programa{\c{c}}{\~a}o.},
  author={Netto, Dorgival and Medeiros, Luiz Mario and de Pontes, Daniel and de Morais, Edilson},
  booktitle={Anais do XXV WEI - Workshop sobre Educa{\c{c}}{\~a}o em Computa{\c{c}}{\~a}o (CSBC)},
  year={2017}
}
@inproceedings{brumgamificaccao,
  title={Gamifica{\c{c}}{\~a}o para o Ensino de Computa{\c{c}}{\~a}o na Educa{\c{c}}{\~a}o B{\'a}sica},
  author={Brum, Michel Girotto and da Cruz, Marcia EJ Kniphoff},
  booktitle={Anais do XXV WEI - Workshop sobre Educa{\c{c}}{\~a}o em Computa{\c{c}}{\~a}o (CSBC)},
  year={2017}
}
@inproceedings{almeidaagility,
  title={AGILITY SCRUM--Um Jogo para Ensino da Metodologia SCRUM},
  author={Almeida, Felipe Calegario Nascimento and Pasteur, Av and de Janeiro--RJ--Brasil, Urca--Rio},
  booktitle={Anais do XXV WEI - Workshop sobre Educa{\c{c}}{\~a}o em Computa{\c{c}}{\~a}o (CSBC)},
  year={2017}
}
@inproceedings{santos2016computasseia,
  title={Computasseia: Um Jogo para o Ensino de Hist{\'o}ria da Computa{\c{c}}{\~a}o},
  author={Santos, Jean Carlos Oliveira and Figueiredo, KS},
  booktitle={24{\textordmasculine} WEI-Workshop sobre Educa{\c{c}}{\~a}o em Computa{\c{c}}{\~a}o, XXXVI Congresso da Sociedade Brasileira de Computa{\c{c}}{\~a}o, Porto Alegre},
  year={2016}
}
@inproceedings{poogame,
  title={POOGame: Um Jogo S{\'e}rio para o Ensino de Programa{\c{c}}{\~a}o
Orientada a Objetos},
  author={Leuson, M. P. da Silva and Brendo, C. Bonfim and Rogerio C. Silva and Jefferson B. da Silva and Wellington L. Moura and Carla I. M. Bezerra and Paulyne M. Juc{\'a}},
  booktitle={24{\textordmasculine} WEI-Workshop sobre Educa{\c{c}}{\~a}o em Computa{\c{c}}{\~a}o, XXXVI Congresso da Sociedade Brasileira de Computa{\c{c}}{\~a}o, Porto Alegre},
  year={2016}
}
@inproceedings{megagp,
  title={MEGA GP: Aplicando a Gamifica{\c{c}}{\~a}o no Ensino de Gerência
de Projetos},
  author={Sara Midori Mendes Tomisaki and Adler Diniz de Souza and Rodrigo Duarte Seabra},
  booktitle={24{\textordmasculine} WEI-Workshop sobre Educa{\c{c}}{\~a}o em Computa{\c{c}}{\~a}o, XXXVI Congresso da Sociedade Brasileira de Computa{\c{c}}{\~a}o, Porto Alegre},
  year={2016}
}
@inproceedings{da2015ensino,
  title={Ensino de Ci{\^e}ncia da Computa{\c{c}}{\~a}o atrav{\'e}s do Desenvolvimento de Jogos},
  author={da Silva, Rog{\'e}rio Eduardo and Martins, Scheila Wesley},
  booktitle={VII Congresso Iberoamericano de Inform{\'a}tica Educativa},
  pages={1286--1295},
  year={2015}
}
@Comment{jabref-meta: databaseType:bibtex;}


@music{CyberSoldier,
  author  = {PlayOnLoop.com},
  title   = {Cyber Soldier},
} 
@music{FinalAct,
  author  = {PlayOnLoop.com},
  title   = {Final Act},
} 
@music{CandyValley,
  author  = {PlayOnLoop.com},
  title   = {Candy Valley},
} 
@music{CookieIsland,
  author  = {PlayOnLoop.com},
  title   = {Cookie Island},
} 

@music{olsen,
  author={Corey Olsen},
  title={Ainulind\"ale},
  booktitle={Silmarillion Seminar},
  month=dec,
  year=2010,
  date={December 8, 2010},
  series={Podcast audio},
  url={http://www.tolkienprofessor.com/audio/silmarillion_1.mp3}
}